@inproceedings{valera2018enhancing,
  title={Enhancing the accuracy and fairness of human decision making},
  author={Valera, Isabel and Singla, Adish and Rodriguez, Manuel Gomez},
  booktitle={Advances in Neural Information Processing Systems},
  pages={1769--1778},
  year={2018}
}

@inproceedings{madras2018predict,
  title={Predict Responsibly: Improving Fairness and Accuracy by Learning to Defer},
  author={Madras, David and Pitassi, Toni and Zemel, Richard},
  booktitle={Advances in Neural Information Processing Systems},
  pages={6147--6157},
  year={2018}
}

@inproceedings{green2019disparate,
  title={Disparate interactions: An algorithm-in-the-loop analysis of fairness in risk assessments},
  author={Green, Ben and Chen, Yiling},
  booktitle={Proceedings of the Conference on Fairness, Accountability, and Transparency},
  pages={90--99},
  year={2019},
  organization={ACM}
}

@inproceedings{cortes2016learning,
  title={Learning with rejection},
  author={Cortes, Corinna and DeSalvo, Giulia and Mohri, Mehryar},
  booktitle={International Conference on Algorithmic Learning Theory},
  pages={67--82},
  year={2016},
  organization={Springer}
}

@inproceedings{corbett2017algorithmic,
  title={Algorithmic decision making and the cost of fairness},
  author={Corbett-Davies, Sam and Pierson, Emma and Feller, Avi and Goel, Sharad and Huq, Aziz},
  booktitle={Proceedings of the 23rd ACM SIGKDD International Conference on Knowledge Discovery and Data Mining},
  pages={797--806},
  year={2017},
  organization={ACM}
}

@book{polson2018aiq,
  title={AIQ: How artificial intelligence works and how we can harness its power for a better world},
  author={Polson, Nick and Scott, James},
  year={2018},
  publisher={Random House}
}

@article{hamilton2015adventures,
  title={Adventures in risk: predicting violent and sexual recidivism in sentencing law},
  author={Hamilton, Melissa},
  journal={Ariz. St. LJ},
  volume={47},
  pages={1},
  year={2015},
  publisher={HeinOnline}
}