@inproceedings{green2019disparate,
  title={Disparate interactions: An algorithm-in-the-loop analysis of fairness in risk assessments},
  author={Green, Ben and Chen, Yiling},
  booktitle={Proceedings of the Conference on Fairness, Accountability, and Transparency},
  pages={90--99},
  year={2019},
  organization={ACM}
}
