@inproceedings{cortes2016learning,
  title={Learning with rejection},
  author={Cortes, Corinna and DeSalvo, Giulia and Mohri, Mehryar},
  booktitle={International Conference on Algorithmic Learning Theory},
  pages={67--82},
  year={2016},
  organization={Springer}
}

@article{bartlett2008classification,
  title={Classification with a reject option using a hinge loss},
  author={Bartlett, Peter L and Wegkamp, Marten H},
  journal={Journal of Machine Learning Research},
  volume={9},
  number={Aug},
  pages={1823--1840},
  year={2008}
}

@article{agarwal2018reductions,
  title={A reductions approach to fair classification},
  author={Agarwal, Alekh and Beygelzimer, Alina and Dud{\'\i}k, Miroslav and Langford, John and Wallach, Hanna},
  journal={arXiv preprint arXiv:1803.02453},
  year={2018}
}

@article{corbett2018measure,
  title={The measure and mismeasure of fairness: A critical review of fair machine learning},
  author={Corbett-Davies, Sam and Goel, Sharad},
  journal={arXiv preprint arXiv:1808.00023},
  year={2018}
}

@article{manyika2017jobs,
  title={Jobs lost, jobs gained: Workforce transitions in a time of automation},
  author={Manyika, James and Lund, Susan and Chui, Michael and Bughin, Jacques and Woetzel, Jonathan and Batra, Parul and Ko, Ryan and Sanghvi, Saurabh},
  journal={McKinsey Global Institute},
  year={2017}
}

@article{devlin2018bert,
  title={BERT: Pre-training of Deep Bidirectional Transformers for Language Understanding},
  author={Devlin, Jacob and Chang, Ming-Wei and Lee, Kenton and Toutanova, Kristina},
  journal={arXiv preprint arXiv:1810.04805},
  year={2018}
}

@inproceedings{madras2018predict,
  title={Predict Responsibly: Improving Fairness and Accuracy by Learning to Defer},
  author={Madras, David and Pitassi, Toni and Zemel, Richard},
  booktitle={Advances in Neural Information Processing Systems},
  pages={6147--6157},
  year={2018}
}

@article{larson2016we,
  title={How we analyzed the COMPAS recidivism algorithm},
  author={Larson, Jeff and Mattu, Surya and Kirchner, Lauren and Angwin, Julia},
  journal={ProPublica (5 2016)},
  volume={9},
  year={2016}
}

@article{jang2016categorical,
  title={Categorical reparameterization with gumbel-softmax},
  author={Jang, Eric and Gu, Shixiang and Poole, Ben},
  journal={arXiv preprint arXiv:1611.01144},
  year={2016}
}

@article{maddison2016concrete,
  title={The concrete distribution: A continuous relaxation of discrete random variables},
  author={Maddison, Chris J and Mnih, Andriy and Teh, Yee Whye},
  journal={arXiv preprint arXiv:1611.00712},
  year={2016}
}

@inproceedings{hardt2016equality,
  title={Equality of opportunity in supervised learning},
  author={Hardt, Moritz and Price, Eric and Srebro, Nati and others},
  booktitle={Advances in neural information processing systems},
  pages={3315--3323},
  year={2016}
}

@ARTICLE{2018arXiv180510318V,
       author = {{Valera}, Isabel and {Singla}, Adish and {Gomez Rodriguez}, Manuel},
        title = "{Enhancing the Accuracy and Fairness of Human Decision Making}",
      journal = {arXiv e-prints},
     keywords = {Statistics - Machine Learning, Computer Science - Computers and Society, Computer Science - Machine Learning},
         year = "2018",
        month = "May",
          eid = {arXiv:1805.10318},
        pages = {arXiv:1805.10318},
archivePrefix = {arXiv},
       eprint = {1805.10318},
 primaryClass = {stat.ML},
       adsurl = {https://ui.adsabs.harvard.edu/abs/2018arXiv180510318V},
      adsnote = {Provided by the SAO/NASA Astrophysics Data System}
}

@inproceedings{green2019disparate,
  title={Disparate interactions: An algorithm-in-the-loop analysis of fairness in risk assessments},
  author={Green, Ben and Chen, Yiling},
  booktitle={Proceedings of the Conference on Fairness, Accountability, and Transparency},
  pages={90--99},
  year={2019},
  organization={ACM}
}

@article{brennan2009evaluating,
  title={Evaluating the predictive validity of the COMPAS risk and needs assessment system},
  author={Brennan, Tim and Dieterich, William and Ehret, Beate},
  journal={Criminal Justice and Behavior},
  volume={36},
  number={1},
  pages={21--40},
  year={2009},
  publisher={Sage Publications Sage CA: Los Angeles, CA}
}

@article{grove1996comparative,
  title={Comparative efficiency of informal (subjective, impressionistic) and formal (mechanical, algorithmic) prediction procedures: The clinical--statistical controversy.},
  author={Grove, William M and Meehl, Paul E},
  journal={Psychology, public policy, and law},
  volume={2},
  number={2},
  pages={293},
  year={1996},
  publisher={American Psychological Association}
}

@book{polson2018aiq,
  title={AIQ: How artificial intelligence works and how we can harness its power for a better world},
  author={Polson, Nick and Scott, James},
  year={2018},
  publisher={Random House}
}

@article{MastrolilliS13,
  author    = {Monaldo Mastrolilli and
               Georgios Stamoulis},
  title     = {Bi-Criteria and Approximation Algorithms for Restricted Matchings},
  journal   = {CoRR},
  volume    = {abs/1311.5481},
  year      = {2013},
  url       = {http://arxiv.org/abs/1311.5481},
  archivePrefix = {arXiv},
  eprint    = {1311.5481},
  timestamp = {Mon, 13 Aug 2018 16:47:12 +0200},
  biburl    = {https://dblp.org/rec/bib/journals/corr/MastrolilliS13},
  bibsource = {dblp computer science bibliography, https://dblp.org}
}